@book{knuth1984texbook,
  author    = {Donald E. Knuth},
  title     = {The TeXbook},
  year      = {1984},
  publisher = {Addison-Wesley},
}

@article{lamport1994latex,
  author  = {Leslie Lamport},
  title   = {LaTeX: A Document Preparation System},
  journal = {Addison-Wesley},
  year    = {1994},
}

@inproceedings{goossens1993latex,
  author    = {Michel Goossens and Frank Mittelbach and Alexander Samarin},
  title     = {The LaTeX Companion},
  booktitle = {Addison-Wesley Series on Tools and Techniques for Computer Typesetting},
  year      = {1993},
}

@misc{wikibibtex,
  author       = {Wikipedia contributors},
  title        = {BibTeX --- Wikipedia{,} The Free Encyclopedia},
  year         = {2024},
  url          = {https://en.wikipedia.org/wiki/BibTeX},
  note         = {Accessed: 2025-04-15}
}
